<?xml version="1.0" encoding="UTF-8"?><collection xmlns="http://www.loc.gov/MARC21/slim"><record><leader>00498nam--2200181-i-4500</leader><controlfield tag="001">000024233</controlfield><controlfield tag="002">20161230</controlfield><controlfield tag="005">20161230201035</controlfield><controlfield tag="008">060222s1000------------r-----000-0-rum-d</controlfield><datafield ind1=" " ind2=" " tag="041"><subfield code="a">rum</subfield></datafield><datafield ind1=" " ind2=" " tag="080"><subfield code="a">537.525.7:533.9</subfield></datafield><datafield ind1="1" ind2=" " tag="100"><subfield code="a">Gherbanovschi, Nicolae</subfield></datafield><datafield ind1="1" ind2="0" tag="245"><subfield code="a">Descarcarea inelara</subfield><subfield code="c">Nicolae gherbanovschi; gheorghe petrescu</subfield></datafield><datafield ind1=" " ind2=" " tag="260"><subfield code="a">Bucuresti</subfield><subfield code="b">Editura Academiei Rsr</subfield><subfield code="c">1983</subfield></datafield><datafield ind1=" " ind2=" " tag="300"><subfield code="a">200P</subfield></datafield><datafield ind1=" " ind2=" " tag="700"><subfield code="a">Petrescu, Gheorghe</subfield></datafield><datafield ind1=" " ind2=" " tag="852"><subfield code="a">81143</subfield><subfield code="c">537:538</subfield></datafield><datafield ind1=" " ind2=" " tag="CAT"><subfield code="a">Sys</subfield><subfield code="c">20110705</subfield><subfield code="h">111523</subfield></datafield></record></collection>